% This file was created with JabRef 2.8.1.
% Encoding: Cp1252

@BOOK{brath,
  title = {Graph Analysis and Visualization: Discovering Business Opportunity
	in Linked Data},
  publisher = {Wiley},
  year = {2015},
  author = {Brath, Richard and Jonker, David}
}

@INPROCEEDINGS{Cattuto:2013:TSN:2484425.2484442,
  author = {Cattuto, Ciro and Quaggiotto, Marco and Panisson, Andr{\'e} and Averbuch,
	Alex},
  title = {Time-varying Social Networks in a Graph Database: A Neo4J Use Case},
  booktitle = {First International Workshop on Graph Data Management Experiences
	and Systems},
  year = {2013},
  series = {GRADES '13},
  pages = {11:1--11:6},
  address = {New York, NY, USA},
  publisher = {ACM},
  acmid = {2484442},
  articleno = {11},
  doi = {10.1145/2484425.2484442},
  isbn = {978-1-4503-2188-4},
  keywords = {Neo4j, graph database, graph databases, social networks, temporal
	networks, wearable sensors},
  location = {New York, New York},
  numpages = {6},
  url = {http://doi.acm.org/10.1145/2484425.2484442}
}

@INPROCEEDINGS{Kunneman+12,
  author = {Kunneman, F. and {Van den Bosch}, A.},
  title = {{Leveraging unscheduled event prediction through mining scheduled
	event tweets}},
  booktitle = {Proceedings of the 24th Benelux Conference on Artficial Intelligence},
  year = {2012},
  editor = {Roos, N. and Winands, M. and Uiterwijk, J.},
  address = {Maastricht, The Netherlands},
  citeulike-article-id = {11856147},
  keywords = {adnext, cls, lst},
  posted-at = {2012-12-24 15:35:57},
  priority = {0}
}

@INPROCEEDINGS{Ramasamy:2013:IUI:2512938.2512960,
  author = {Ramasamy, Dinesh and Venkateswaran, Sriram and Madhow, Upamanyu},
  title = {Inferring User Interests from Tweet Times},
  booktitle = {Proceedings of the First ACM Conference on Online Social Networks},
  year = {2013},
  series = {COSN '13},
  pages = {235--240},
  address = {New York, NY, USA},
  publisher = {ACM},
  acmid = {2512960},
  doi = {10.1145/2512938.2512960},
  isbn = {978-1-4503-2084-9},
  keywords = {bayesian inference, metadata, online social networks, twitter},
  location = {Boston, Massachusetts, USA},
  numpages = {6},
  url = {http://doi.acm.org/10.1145/2512938.2512960}
}

@INPROCEEDINGS{Shrivatava2014,
  author = {Shrivatava, Akash and Mayor, Shweta and Pant, Bhasker},
  title = {Opinion Mining of Real Time Twitter Tweets},
  booktitle = {International Journal of Computer Applications},
  year = {2014}
}

